<record><leader>00000cas a2200000 a 4500</leader><controlfield tag="001">34148787</controlfield><controlfield tag="008">960207c19619999fluwr ne      0    0eng c</controlfield><datafield ind1=" " ind2=" " tag="010"><subfield code="a">sn 96027355 </subfield></datafield><datafield ind1=" " ind2=" " tag="040"><subfield code="a">FUG</subfield><subfield code="b">eng</subfield><subfield code="c">FUG</subfield><subfield code="d">OCLCQ</subfield><subfield code="d">OCLCF</subfield><subfield code="d">OCLCO</subfield></datafield><datafield ind1="1" ind2=" " tag="029"><subfield code="a">AU@</subfield><subfield code="b">000025920108</subfield></datafield><datafield ind1=" " ind2=" " tag="032"><subfield code="a">481400</subfield><subfield code="b">USPS</subfield></datafield><datafield ind1=" " ind2=" " tag="037"><subfield code="b">Sanibel Captiva Islander, PO Box 56, Sanibel, FL 33957</subfield></datafield><datafield ind1=" " ind2=" " tag="042"><subfield code="a">pcc</subfield></datafield><datafield ind1=" " ind2=" " tag="043"><subfield code="a">n-us-fl</subfield></datafield><datafield ind1="0" ind2="0" tag="245"><subfield code="a">Sanibel Captiva Islander.</subfield></datafield><datafield ind1="3" ind2="0" tag="246"><subfield code="a">Islander</subfield></datafield><datafield ind1=" " ind2=" " tag="260"><subfield code="a">Sanibel, Fla. :</subfield><subfield code="b">[s.n.]</subfield></datafield><datafield ind1=" " ind2=" " tag="300"><subfield code="a">v. :</subfield><subfield code="b">ill. (some col.) ;</subfield><subfield code="c">44 cm.</subfield></datafield><datafield ind1=" " ind2=" " tag="310"><subfield code="a">Weekly</subfield></datafield><datafield ind1="1" ind2=" " tag="362"><subfield code="a">Began in 1961.</subfield></datafield><datafield ind1=" " ind2=" " tag="500"><subfield code="a">Editor: Christopher Strine, &lt;1991&gt;.</subfield></datafield><datafield ind1=" " ind2=" " tag="500"><subfield code="a">Published by: Breeze Corp., &lt;1996&gt;.</subfield></datafield><datafield ind1=" " ind2=" " tag="588"><subfield code="a">Description based on: Vol. 30, no. 26 (June 25, 1991).</subfield></datafield><datafield ind1=" " ind2=" " tag="588"><subfield code="a">Latest issue consulted: Vol. 36, no. 17 (Apr. 25, 1997).</subfield></datafield><datafield ind1=" " ind2="0" tag="651"><subfield code="a">Sanibel (Fla.)</subfield><subfield code="v">Newspapers.</subfield></datafield><datafield ind1=" " ind2="0" tag="651"><subfield code="a">Captiva (Fla.)</subfield><subfield code="v">Newspapers.</subfield></datafield><datafield ind1=" " ind2="0" tag="651"><subfield code="a">Lee County (Fla.)</subfield><subfield code="v">Newspapers.</subfield></datafield><datafield ind1=" " ind2="7" tag="655"><subfield code="a">Newspapers.</subfield><subfield code="2">fast</subfield><subfield code="0">(OCoLC)fst01423814</subfield></datafield><datafield ind1=" " ind2="7" tag="651"><subfield code="a">Florida</subfield><subfield code="z">Captiva.</subfield><subfield code="2">fast</subfield><subfield code="0">(OCoLC)fst01288426</subfield></datafield><datafield ind1=" " ind2="7" tag="651"><subfield code="a">Florida</subfield><subfield code="z">Lee County.</subfield><subfield code="2">fast</subfield><subfield code="0">(OCoLC)fst01202773</subfield></datafield><datafield ind1=" " ind2="7" tag="651"><subfield code="a">Florida</subfield><subfield code="z">Sanibel.</subfield><subfield code="2">fast</subfield><subfield code="0">(OCoLC)fst01222324</subfield></datafield><datafield ind1=" " ind2=" " tag="752"><subfield code="a">United States</subfield><subfield code="b">Florida</subfield><subfield code="c">Lee</subfield><subfield code="d">Sanibel.</subfield></datafield><datafield ind1=" " ind2=" " tag="752"><subfield code="a">United States</subfield><subfield code="b">Florida</subfield><subfield code="c">Lee</subfield><subfield code="d">Captiva.</subfield></datafield></record>